<?xml version="1.0" encoding="UTF-8"?>
<record xmlns="http://www.loc.gov/MARC21/slim" xmlns:xsi="http://www.w3.org/2001/XMLSchema-instance" xsi:schemaLocation="http://www.loc.gov/MARC21/slim http://www.loc.gov/standards/marcxml/schema/MARC21slim.xsd">
<leader>     nam a2200181   4500</leader>
<controlfield tag="001">000751830</controlfield>
<controlfield tag="003">NNU</controlfield>
<controlfield tag="005">20020523102704.0</controlfield>
<controlfield tag="008">920521s1894    le            000 0 ara</controlfield>
<datafield tag="035" ind1="9" ind2=" ">
<subfield code="a">NYUb12544748</subfield>
</datafield>
<datafield tag="035" ind1=" " ind2=" ">
<subfield code="a">(CStRLIN)MHAUAMN54882-B</subfield>
</datafield>
<datafield tag="040" ind1=" " ind2=" ">
<subfield code="a">MH</subfield>
<subfield code="c">MH</subfield>
<subfield code="d">CStRLIN</subfield>
</datafield>
<datafield tag="100" ind1="1" ind2=" ">
<subfield code="a">Farḥāt, Jirmānūs,</subfield>
<subfield code="d">1670 or 71-1732 or 3.</subfield>
</datafield>
<datafield tag="240" ind1="1" ind2="0">
<subfield code="a">Poems</subfield>
</datafield>
<datafield tag="245" ind1="1" ind2="0">
<subfield code="a">Dīwān /</subfield>
<subfield code="c">Jirmānūs Farḥāt ; maʻa taʻālīq ʻalayhi li-muṣaḥḥihi Saʻīd al-Khūrī al-Shartūnī al-Lubnānī.</subfield>
</datafield>
<datafield tag="250" ind1=" " ind2=" ">
<subfield code="a">Ṭabʻah 2.</subfield>
</datafield>
<datafield tag="260" ind1=" " ind2=" ">
<subfield code="a">Bayrūt :</subfield>
<subfield code="b">al-Maṭbaʻah al-Kāthūlīkīyah lil-Ābāʼ al-Yasūʻīyīn,</subfield>
<subfield code="c">1894.</subfield>
</datafield>
<datafield tag="300" ind1=" " ind2=" ">
<subfield code="a">517 p. ;</subfield>
<subfield code="c">24 cm.</subfield>
</datafield>
<datafield tag="700" ind1="1" ind2=" ">
<subfield code="a">Shartūnī, Saʻīd al-Khūrī,</subfield>
<subfield code="d">1849-1912.</subfield>
</datafield>
<datafield tag="OWN" ind1=" " ind2=" ">
<subfield code="a">GENERAL</subfield>
</datafield>
<datafield tag="AVA" ind1=" " ind2=" ">
<subfield code="a">NYU50</subfield>
<subfield code="b">BOBST</subfield>
<subfield code="c">Main Collection</subfield>
<subfield code="d">PJ7765.F3 A6 1894</subfield>
<subfield code="e">unavailable</subfield>
<subfield code="t">Unavailable</subfield>
<subfield code="f">1</subfield>
<subfield code="g">1</subfield>
<subfield code="h">N</subfield>
<subfield code="i">1</subfield>
<subfield code="j">MAIN</subfield>
</datafield>
</record>
